@book{evans_pde,
   title={Partial Differential Equations: Second Edition},
   author={Lawrence C. Evans},
   publisher={AMS},
   isbn={9780821849743; 0821849743},
   year={2010},
   series={Graduate Studies in Mathematics},
   edition={2}}